
@article{HybridBFS2015,
author 		= "Yaman Umuroglu, Donn Morrison, Magnus Jahre",
title		= "Hybrid Breadth-First Search on a Single-Chip FPGA-CPUHeterogeneous Platform",
year		="2015",
url 		="http://ieeexplore.ieee.org/xpl/login.jsp?tp=&arnumber=7293939&url=http%3A%2F%2Fieeexplore.ieee.org%2Fxpls%2Fabs_all.jsp%3Farnumber%3D7293939"
}

@article{MaximizeSpread2003,
author		="David Kampe, Jon Klein, \'Eva Tardos",
title		="Maximizing the Spread of Influence through a Social
Network",
year		="2003",
url 		="http://dl.acm.org/citation.cfm?id=956769"  
}

@article{MaximizeSpread2015,
author		="David Kampe, Jon Klein, \'Eva Tardos",
title		="Maximizing the Spread of Influence through a Social
Network",
year		="2003",
url 		="http://toctest.cs.uchicago.edu/articles/v011a004/v011a004.pdf"  
}

@book{ComplexNetwork2003,
author		="M. E. J. Newman",
title		="The structure and function of complex networks",	
year 		="2003",
url 		="http://dx.doi.org/10.1137/S003614450342480"
}

@article{SmallworldExperiment1969, 
author		="Jeffrey Travers, Stanley Milgram",
title		="An Experimental Study of the Small World Problem",
year		="1969"
}


@article{AReconfigurable2012,
author		="Brahim Betkaoui, Yu Wang , David B. Thomas, Wayne Luk",
title		="A Reconfigurable Computing Approach for
Efficient and Scalable Parallel Graph Exploration",
year	="2012"
}

@article{RMat2004,
author 	= "Deepayan Chakrabartiy, Yiping Zhanz, Christos Faloutsosx",
title	= "R-MAT: A Recursive Model for Graph Mining",
year	= "2004"
} 

@article{SmallWorldProblemSmilgram1960,
author = "Stanley Milgram",
title = "The Small-World Problem",
year = "1967"
}

@article{Experiment1969,
author = "Fjeffrey Travers, Stanley Milgram",
title	=	"An Experimental Study of the Small World Problem",
year	=	"1969"
}

@article{AlgoToMath,
author	= "Jeremy Kepner, John Gilbert",
title 	= "Graph Algorithms in the Language of Linear Algebra",
year	= "2011"
}

@article{ParallelBFS2011,
author = "Aydib Buluc, Kamesh Madduri",
title  = "Parallel breadth-first search on distributed memory systems",
year = "2011"
}

@article{RaceInSchool,
author 	="James Moody",
title	="Race, School Integration, and Friendship
Segregation in America",
year = "2001"
}
@article{CacheOblivious,
author	=	"Matteo Frigo, Charles E. Leiserson, Harald Prokop, Sridhar Ramacc handran",
title="Cache-Oblivious Algorithms",
year="1999"	
}

@article{COSPMVM,
author = "A. N. YZELMAN, ROB H. BISSELING",
title = "CACHE-OBLIVIOUS SPARSE MATRIX–VECTOR
MULTIPLICATION BY USING SPARSE MATRIX PARTITIONING
METHODS",
year = "2009"
}
@article{DiseasOutbreak,
author= "Stephen Eubank, Hasan Guclu, V. S. Anil Kumar, Madhav V. Marath, Aravind Srinivasan, Zoltán Toroczkai, Nan Wang5", 
title	="Modelling disease outbreaks in realistic urban social networks",
year ="2003"
	

}